
@inproceedings{mouha2012differential,
  title={Differential and linear cryptanalysis using mixed-integer linear programming},
  author={Mouha, Nicky and Wang, Qingju and Gu, Dawu and Preneel, Bart},
  booktitle={Information Security and Cryptology: 7th International Conference, Inscrypt 2011, Beijing, China, November 30--December 3, 2011. Revised Selected Papers 7},
  pages={57--76},
  year={2012},
  organization={Springer}
}

@article{dworkin2001advanced,
  title={Advanced encryption standard (AES)},
  author={Dworkin, Morris J and Barker, Elaine B and Nechvatal, James R and Foti, James and Bassham, Lawrence E and Roback, E and Dray Jr, James F},
  year={2001},
  publisher={Morris J. Dworkin, Elaine B. Barker, James R. Nechvatal, James Foti~â€¦}
}

@inproceedings{karakocc2013itubee,
  title={ITUbee: a software oriented lightweight block cipher},
  author={Karako{\c{c}}, Ferhat and Demirci, H{\"u}seyin and Harmanc{\i}, A Emre},
  booktitle={Lightweight Cryptography for Security and Privacy: Second International Workshop, LightSec 2013, Gebze, Turkey, May 6-7, 2013, Revised Selected Papers 2},
  pages={16--27},
  year={2013},
  organization={Springer}
}

@misc{sage,
  title={the Sage Mathematics Software System (Version 9.5), 2022},
  author={Sage Developers, Sagemath}
}

@book{daemen2002rijndael,
  title={The Design of Rijndael: AES - The Advanced Encryption Standard},
  author={Daemen, Joan and Rijmen, Vincent},
  year={2002},
  publisher={Springer}
}

@inproceedings{matsui1993linear,
  title={Linear Cryptanalysis Method for DES Cipher},
  author={Matsui, Mitsuru},
  booktitle={EUROCRYPT},
  year={1993},
  publisher={Springer}
}

@article{biham1991differential,
  title={Differential Cryptanalysis of DES-like Cryptosystems},
  author={Biham, Eli and Shamir, Adi},
  journal={Journal of Cryptology},
  year={1991},
  volume={4},
  number={1},
  pages={3--72}
}

@inproceedings{biryukov2009related,
  title={Related-key Cryptanalysis of the Full AES-192 and AES-256},
  author={Biryukov, Alex and Khovratovich, Dmitry},
  booktitle={ASIACRYPT},
  year={2009},
  publisher={Springer}
}

@inproceedings{daemen1997square,
  title={The Block Cipher Square},
  author={Daemen, Joan and Knudsen, Lars R. and Rijmen, Vincent},
  booktitle={FSE},
  year={1997},
  publisher={Springer}
}

@techreport{ferguson2000algebraic,
  title={A simple algebraic representation of Rijndael},
  author={Ferguson, Niels and Schroeppel, Richard and Whiting, Doug},
  institution={Citeseer},
  year={2000}
}

@inproceedings{courtois2002cryptanalysis,
  title={Cryptanalysis of Block Ciphers with Overdefined Systems of Equations},
  author={Courtois, Nicolas and Pieprzyk, Josef},
  booktitle={ASIACRYPT},
  year={2002},
  publisher={Springer}
}

@inproceedings{kocher1999differential,
  title={Differential Power Analysis},
  author={Kocher, Paul and Jaffe, Joshua and Jun, Benjamin},
  booktitle={CRYPTO},
  year={1999},
  publisher={Springer}
}

@inproceedings{osvik2006cache,
  title={Cache Attacks and Countermeasures: The Case of AES},
  author={Osvik, Dag Arne and Shamir, Adi and Tromer, Eran},
  booktitle={CT-RSA},
  year={2006},
  publisher={Springer}
}

@inproceedings{grover1996fast,
  title={A Fast Quantum Mechanical Algorithm for Database Search},
  author={Grover, Lov K.},
  booktitle={STOC},
  year={1996},
  publisher={ACM}
}
